
<!--411-->
<record>
  <leader>00533nam a2200193   4500</leader>
  <controlfield tag="001">BIBLIOPAC-010694</controlfield>
  <controlfield tag="005">20161123142927.0</controlfield>
  <controlfield tag="008">140703s1955    bl     f     0000 0 eng  </controlfield>
  <datafield tag="082" ind1="1" ind2=" ">
    <subfield code="a">213</subfield>
  </datafield>
  <datafield tag="090" ind1=" " ind2=" ">
    <subfield code="a">213</subfield>
    <subfield code="b">K66g</subfield>
  </datafield>
  <datafield tag="100" ind1="1" ind2=" ">
    <subfield code="a">Klotz, John W. (John William), 1918-</subfield>
  </datafield>
  <datafield tag="245" ind1="1" ind2="0">
    <subfield code="a">Genes, genesis, and evolution / </subfield>
    <subfield code="c">John W. Klotz.</subfield>
  </datafield>
  <datafield tag="260" ind1=" " ind2=" ">
    <subfield code="a">Saint Louis : </subfield>
    <subfield code="b">Concordia Pub. House, </subfield>
    <subfield code="c">1955.</subfield>
  </datafield>
  <datafield tag="300" ind1=" " ind2=" ">
    <subfield code="a">575 p. : </subfield>
    <subfield code="b">ill. ; 24 cm.</subfield>
  </datafield>
  <datafield tag="650" ind1=" " ind2="4">
    <subfield code="a">Criação.</subfield>
  </datafield>
  <datafield tag="650" ind1=" " ind2="4">
    <subfield code="a">Evolução.</subfield>
  </datafield>
  <datafield tag="650" ind1=" " ind2="4">
    <subfield code="a">Religião.</subfield>
  </datafield>
  <datafield tag="942" ind1=" " ind2=" ">
    <subfield code="c">L</subfield>
  </datafield>
  <datafield tag="999" ind1=" " ind2=" ">
    <subfield code="c">17404</subfield>
    <subfield code="d">17404</subfield>
  </datafield>
  <datafield tag="952" ind1=" " ind2=" ">
    <subfield code="0">0</subfield>
    <subfield code="1">0</subfield>
    <subfield code="4">0</subfield>
    <subfield code="6">213_000000000000000_K66G</subfield>
    <subfield code="7">0</subfield>
    <subfield code="8">G</subfield>
    <subfield code="9">23616</subfield>
    <subfield code="a">sdin</subfield>
    <subfield code="b">sdin</subfield>
    <subfield code="d">2016-11-23</subfield>
    <subfield code="l">0</subfield>
    <subfield code="o">213 K66g</subfield>
    <subfield code="p">57-0763</subfield>
    <subfield code="r">2016-11-23</subfield>
    <subfield code="w">2016-11-23</subfield>
    <subfield code="y">L</subfield>
  </datafield>
</record>