
<!--415-->
<record>
  <leader>00588cam a22002297a 4500</leader>
  <datafield tag="999" ind1=" " ind2=" ">
    <subfield code="c">23931</subfield>
    <subfield code="d">23931</subfield>
  </datafield>
  <controlfield tag="003">BR-RjBN</controlfield>
  <controlfield tag="005">20180228102446.0</controlfield>
  <controlfield tag="008">850613s00001984bspa          000 0 por u</controlfield>
  <datafield tag="035" ind1=" " ind2=" ">
    <subfield code="a">96101719313199001</subfield>
  </datafield>
  <datafield tag="040" ind1=" " ind2=" ">
    <subfield code="a">Br</subfield>
    <subfield code="b">por</subfield>
  </datafield>
  <datafield tag="082" ind1="0" ind2="4">
    <subfield code="a">236.9</subfield>
    <subfield code="2">19</subfield>
  </datafield>
  <datafield tag="090" ind1=" " ind2=" ">
    <subfield code="a">236.9</subfield>
    <subfield code="b">B172h</subfield>
  </datafield>
  <datafield tag="092" ind1=" " ind2=" ">
    <subfield code="a">VI-282,5,25</subfield>
  </datafield>
  <datafield tag="100" ind1="1" ind2=" ">
    <subfield code="a">Balbach, Alfons,</subfield>
    <subfield code="d">1926-</subfield>
  </datafield>
  <datafield tag="245" ind1="1" ind2="3">
    <subfield code="a">Um novo mundo /</subfield>
    <subfield code="c">A. Balbach. -</subfield>
  </datafield>
  <datafield tag="250" ind1=" " ind2=" ">
    <subfield code="a">26. ed. -</subfield>
  </datafield>
  <datafield tag="260" ind1=" " ind2=" ">
    <subfield code="a">São Paulo :</subfield>
    <subfield code="b">Edicoes "A edificacao do lar",</subfield>
    <subfield code="c">[1984?]</subfield>
  </datafield>
  <datafield tag="300" ind1=" " ind2=" ">
    <subfield code="a">269p. :</subfield>
    <subfield code="b">il. ;</subfield>
    <subfield code="c">23cm.</subfield>
  </datafield>
  <datafield tag="650" ind1="0" ind2="4">
    <subfield code="a">Fim do mundo.</subfield>
  </datafield>
  <datafield tag="852" ind1=" " ind2=" ">
    <subfield code="a">Obras Gerais</subfield>
  </datafield>
  <datafield tag="942" ind1=" " ind2=" ">
    <subfield code="c">L</subfield>
  </datafield>
  <datafield tag="990" ind1=" " ind2=" ">
    <subfield code="a">Livro</subfield>
  </datafield>
  <datafield tag="952" ind1=" " ind2=" ">
    <subfield code="0">0</subfield>
    <subfield code="1">0</subfield>
    <subfield code="2">ddc</subfield>
    <subfield code="4">0</subfield>
    <subfield code="6">236_900000000000000_B172H</subfield>
    <subfield code="7">0</subfield>
    <subfield code="8">G</subfield>
    <subfield code="9">32391</subfield>
    <subfield code="a">sdin</subfield>
    <subfield code="b">sdin</subfield>
    <subfield code="d">2018-02-28</subfield>
    <subfield code="l">0</subfield>
    <subfield code="o">236.9 B172h</subfield>
    <subfield code="p">2018-0080</subfield>
    <subfield code="r">2018-02-28</subfield>
    <subfield code="w">2018-02-28</subfield>
    <subfield code="y">L</subfield>
  </datafield>
</record>