
<!--416-->
<record>
  <leader>00802cam a22002777a 4500</leader>
  <controlfield tag="003">BR-RjBN</controlfield>
  <controlfield tag="005">20170426152756.0</controlfield>
  <controlfield tag="008">980310s1997    spb           000 0 por d</controlfield>
  <datafield tag="020" ind1=" " ind2=" ">
    <subfield code="a">8573250496 (broch.).</subfield>
  </datafield>
  <datafield tag="035" ind1=" " ind2=" ">
    <subfield code="a">98090811365203059</subfield>
  </datafield>
  <datafield tag="040" ind1=" " ind2=" ">
    <subfield code="a">Br</subfield>
    <subfield code="b">por</subfield>
  </datafield>
  <datafield tag="041" ind1="1" ind2=" ">
    <subfield code="a">por</subfield>
    <subfield code="h">eng</subfield>
  </datafield>
  <datafield tag="082" ind1="0" ind2="4">
    <subfield code="a">239</subfield>
  </datafield>
  <datafield tag="090" ind1=" " ind2=" ">
    <subfield code="a">239</subfield>
    <subfield code="b">Z16p</subfield>
  </datafield>
  <datafield tag="100" ind1="1" ind2=" ">
    <subfield code="a">Zacharias, Ravi K.</subfield>
    <subfield code="d">1946-</subfield>
  </datafield>
  <datafield tag="245" ind1="1" ind2="0">
    <subfield code="a">Pode o homem viver sem Deus? /</subfield>
    <subfield code="c">Ravi Zacharias ; traduzido por Odayr Olivetti. -</subfield>
  </datafield>
  <datafield tag="260" ind1=" " ind2=" ">
    <subfield code="a">São Paulo :</subfield>
    <subfield code="b">Mundo Cristão,</subfield>
    <subfield code="c">1997.</subfield>
  </datafield>
  <datafield tag="300" ind1=" " ind2=" ">
    <subfield code="a">294p. ;</subfield>
    <subfield code="c">21cm.</subfield>
  </datafield>
  <datafield tag="500" ind1=" " ind2=" ">
    <subfield code="a">Tradução de: Can man live without God.</subfield>
  </datafield>
  <datafield tag="650" ind1="0" ind2="4">
    <subfield code="a">Cristianismo e ateísmo</subfield>
  </datafield>
  <datafield tag="650" ind1="0" ind2="4">
    <subfield code="a">Apologética</subfield>
  </datafield>
  <datafield tag="650" ind1="0" ind2="4">
    <subfield code="a">Ateísmo</subfield>
    <subfield code="x">Literatura polêmica</subfield>
  </datafield>
  <datafield tag="852" ind1=" " ind2=" ">
    <subfield code="a">Obras Gerais</subfield>
  </datafield>
  <datafield tag="942" ind1=" " ind2=" ">
    <subfield code="c">L</subfield>
  </datafield>
  <datafield tag="949" ind1=" " ind2=" ">
    <subfield code="a">945.199 DL 16/03/98</subfield>
  </datafield>
  <datafield tag="999" ind1=" " ind2=" ">
    <subfield code="c">19141</subfield>
    <subfield code="d">19141</subfield>
  </datafield>
  <datafield tag="952" ind1=" " ind2=" ">
    <subfield code="0">0</subfield>
    <subfield code="1">0</subfield>
    <subfield code="2">ddc</subfield>
    <subfield code="4">0</subfield>
    <subfield code="6">239_000000000000000_Z16P</subfield>
    <subfield code="7">0</subfield>
    <subfield code="8">G</subfield>
    <subfield code="9">25866</subfield>
    <subfield code="a">sdin</subfield>
    <subfield code="b">sdin</subfield>
    <subfield code="d">2017-04-25</subfield>
    <subfield code="l">0</subfield>
    <subfield code="o">239 Z16p</subfield>
    <subfield code="p">2017-0161</subfield>
    <subfield code="r">2017-04-25</subfield>
    <subfield code="w">2017-04-25</subfield>
    <subfield code="y">L</subfield>
  </datafield>
</record>