
<!--419-->
<record>
  <leader>00831cam a22002897a 4500</leader>
  <datafield tag="999" ind1=" " ind2=" ">
    <subfield code="c">30692</subfield>
    <subfield code="d">30692</subfield>
  </datafield>
  <controlfield tag="003">BR-MnINPA</controlfield>
  <controlfield tag="005">20181018140436.0</controlfield>
  <controlfield tag="008">031210s2003    rjb           000 0 por d</controlfield>
  <datafield tag="020" ind1=" " ind2=" ">
    <subfield code="a">8575420836 (broch.)</subfield>
  </datafield>
  <datafield tag="035" ind1=" " ind2=" ">
    <subfield code="a">2003121017313795med</subfield>
  </datafield>
  <datafield tag="040" ind1=" " ind2=" ">
    <subfield code="a">Br</subfield>
    <subfield code="b">por</subfield>
  </datafield>
  <datafield tag="045" ind1=" " ind2=" ">
    <subfield code="a">y0y9</subfield>
  </datafield>
  <datafield tag="082" ind1="0" ind2="4">
    <subfield code="a">261</subfield>
    <subfield code="2">21</subfield>
  </datafield>
  <datafield tag="090" ind1=" " ind2=" ">
    <subfield code="a">261</subfield>
    <subfield code="b">B661c</subfield>
  </datafield>
  <datafield tag="092" ind1=" " ind2=" ">
    <subfield code="a">V-222,7,46</subfield>
  </datafield>
  <datafield tag="100" ind1="1" ind2=" ">
    <subfield code="a">Boff, Leonardo,</subfield>
    <subfield code="d">1938-</subfield>
  </datafield>
  <datafield tag="245" ind1="1" ind2="0">
    <subfield code="a">Civilização planetária :</subfield>
    <subfield code="b">desafios à sociedade e ao cristianismo /</subfield>
    <subfield code="c">Leonardo Boff. -  </subfield>
  </datafield>
  <datafield tag="260" ind1=" " ind2=" ">
    <subfield code="a">Rio de Janeiro :</subfield>
    <subfield code="b">Sextante,</subfield>
    <subfield code="c">2003.</subfield>
  </datafield>
  <datafield tag="300" ind1=" " ind2=" ">
    <subfield code="a">132 p. ;</subfield>
    <subfield code="c">21cm.</subfield>
  </datafield>
  <datafield tag="650" ind1="0" ind2="4">
    <subfield code="a">Século XXI-</subfield>
    <subfield code="x">Previsões.</subfield>
  </datafield>
  <datafield tag="650" ind1="0" ind2="4">
    <subfield code="a">Igreja e o mundo.</subfield>
  </datafield>
  <datafield tag="650" ind1="0" ind2="4">
    <subfield code="a">Civilização moderna-</subfield>
    <subfield code="x">Aspectos sociais.</subfield>
  </datafield>
  <datafield tag="852" ind1=" " ind2=" ">
    <subfield code="a">Obras Gerais</subfield>
  </datafield>
  <datafield tag="942" ind1=" " ind2=" ">
    <subfield code="2">ddc</subfield>
    <subfield code="c">L</subfield>
  </datafield>
  <datafield tag="949" ind1=" " ind2=" ">
    <subfield code="a">1.086.128 DL 15/12/2003</subfield>
  </datafield>
  <datafield tag="990" ind1=" " ind2=" ">
    <subfield code="a">Livro</subfield>
  </datafield>
  <datafield tag="952" ind1=" " ind2=" ">
    <subfield code="0">0</subfield>
    <subfield code="1">0</subfield>
    <subfield code="2">ddc</subfield>
    <subfield code="4">0</subfield>
    <subfield code="6">261_000000000000000_B661C</subfield>
    <subfield code="7">0</subfield>
    <subfield code="8">G</subfield>
    <subfield code="9">39170</subfield>
    <subfield code="a">sdin</subfield>
    <subfield code="b">sdin</subfield>
    <subfield code="d">2018-10-18</subfield>
    <subfield code="l">0</subfield>
    <subfield code="o">261 B661c</subfield>
    <subfield code="p">2018-1882</subfield>
    <subfield code="r">2018-10-18</subfield>
    <subfield code="w">2018-10-18</subfield>
    <subfield code="y">L</subfield>
  </datafield>
</record>