
<!--420-->
<record>
  <leader>00589nam a2200169   4500</leader>
  <controlfield tag="001">BIBLIOPAC-001071</controlfield>
  <controlfield tag="008">030701s1969    bl     f      000 0 por  </controlfield>
  <datafield tag="082" ind1="1" ind2=" ">
    <subfield code="a">262.8121</subfield>
  </datafield>
  <datafield tag="090" ind1=" " ind2=" ">
    <subfield code="a">262.8121</subfield>
    <subfield code="b">P116h</subfield>
  </datafield>
  <datafield tag="100" ind1="1" ind2=" ">
    <subfield code="a">Pachêco, Felipe Condurú, Bishop, </subfield>
    <subfield code="d">1892-</subfield>
  </datafield>
  <datafield tag="245" ind1="1" ind2="0">
    <subfield code="a">História eclesiástica do Maranhão / </subfield>
    <subfield code="c">Felipe Condurú Pachêco.</subfield>
  </datafield>
  <datafield tag="260" ind1=" " ind2=" ">
    <subfield code="a">[São Luís] : </subfield>
    <subfield code="b">Departamento de Cultura, </subfield>
    <subfield code="c">1969.</subfield>
  </datafield>
  <datafield tag="300" ind1=" " ind2=" ">
    <subfield code="a">846 p., [10] f. de lâms. : </subfield>
    <subfield code="b">il., fac-síms, retrs.</subfield>
  </datafield>
  <datafield tag="490" ind1="0" ind2=" ">
    <subfield code="a">Coleção César Marques ; </subfield>
    <subfield code="v">v. 1</subfield>
  </datafield>
  <datafield tag="651" ind1=" " ind2="4">
    <subfield code="a">Maranhão</subfield>
    <subfield code="v">História eclesiástica.</subfield>
  </datafield>
  <datafield tag="942" ind1=" " ind2=" ">
    <subfield code="c">L</subfield>
  </datafield>
  <datafield tag="999" ind1=" " ind2=" ">
    <subfield code="c">7894</subfield>
    <subfield code="d">7894</subfield>
  </datafield>
  <datafield tag="952" ind1=" " ind2=" ">
    <subfield code="0">0</subfield>
    <subfield code="1">0</subfield>
    <subfield code="2">ddc</subfield>
    <subfield code="4">0</subfield>
    <subfield code="6">262_812100000000000_P116H</subfield>
    <subfield code="7">0</subfield>
    <subfield code="8">G</subfield>
    <subfield code="9">10053</subfield>
    <subfield code="a">sdin</subfield>
    <subfield code="b">sdin</subfield>
    <subfield code="d">2016-11-23</subfield>
    <subfield code="l">0</subfield>
    <subfield code="o">262.8121 P116h</subfield>
    <subfield code="p">02-0665</subfield>
    <subfield code="r">2016-11-23</subfield>
    <subfield code="w">2016-11-23</subfield>
    <subfield code="y">L</subfield>
  </datafield>
  <datafield tag="952" ind1=" " ind2=" ">
    <subfield code="0">0</subfield>
    <subfield code="1">0</subfield>
    <subfield code="2">ddc</subfield>
    <subfield code="4">0</subfield>
    <subfield code="6">262_812100000000000_P116H</subfield>
    <subfield code="7">0</subfield>
    <subfield code="8">G</subfield>
    <subfield code="9">10054</subfield>
    <subfield code="a">sdin</subfield>
    <subfield code="b">sdin</subfield>
    <subfield code="d">2016-11-23</subfield>
    <subfield code="l">0</subfield>
    <subfield code="o">262.8121 P116h</subfield>
    <subfield code="p">02-0666</subfield>
    <subfield code="r">2016-11-23</subfield>
    <subfield code="w">2016-11-23</subfield>
    <subfield code="y">L</subfield>
  </datafield>
</record>