
<!--422-->
<record>
  <leader>00530cam a2200169 a 4500</leader>
  <controlfield tag="001">0013803</controlfield>
  <controlfield tag="005">20161128171414.0</controlfield>
  <controlfield tag="008">150112s||||     bl|||||||||||||||||por|u</controlfield>
  <datafield tag="082" ind1=" " ind2=" ">
    <subfield code="2">205</subfield>
  </datafield>
  <datafield tag="090" ind1=" " ind2=" ">
    <subfield code="a">205</subfield>
    <subfield code="b">S586m</subfield>
  </datafield>
  <datafield tag="100" ind1="1" ind2=" ">
    <subfield code="a">Silva, António da</subfield>
  </datafield>
  <datafield tag="245" ind1="1" ind2="0">
    <subfield code="a">Mentalidade missiológica dos jesuítas em moçambique antes de 1759:</subfield>
    <subfield code="b">esboço ideológico a partir do núcleo documental</subfield>
  </datafield>
  <datafield tag="260" ind1=" " ind2=" ">
    <subfield code="a">Lisboa:</subfield>
    <subfield code="b">[s.n.], </subfield>
    <subfield code="c">1967.</subfield>
  </datafield>
  <datafield tag="300" ind1=" " ind2=" ">
    <subfield code="a">391 p.</subfield>
  </datafield>
  <datafield tag="490" ind1="1" ind2=" ">
    <subfield code="a">Religiões e missões </subfield>
  </datafield>
  <datafield tag="650" ind1=" " ind2=" ">
    <subfield code="a">Missões jesuíticas</subfield>
    <subfield code="z">Moçambique</subfield>
  </datafield>
  <datafield tag="999" ind1=" " ind2=" ">
    <subfield code="c">17966</subfield>
    <subfield code="d">17966</subfield>
  </datafield>
  <datafield tag="952" ind1=" " ind2=" ">
    <subfield code="0">0</subfield>
    <subfield code="1">0</subfield>
    <subfield code="2">ddc</subfield>
    <subfield code="4">0</subfield>
    <subfield code="6">205_000000000000000_S586M</subfield>
    <subfield code="7">0</subfield>
    <subfield code="8">G</subfield>
    <subfield code="9">24250</subfield>
    <subfield code="a">sdin</subfield>
    <subfield code="b">sdin</subfield>
    <subfield code="d">2016-11-28</subfield>
    <subfield code="l">0</subfield>
    <subfield code="o">205 S586m</subfield>
    <subfield code="p">15-0330</subfield>
    <subfield code="r">2016-11-28</subfield>
    <subfield code="w">2016-11-28</subfield>
    <subfield code="y">L</subfield>
  </datafield>
  <datafield tag="952" ind1=" " ind2=" ">
    <subfield code="0">0</subfield>
    <subfield code="1">0</subfield>
    <subfield code="2">ddc</subfield>
    <subfield code="4">0</subfield>
    <subfield code="6">205_000000000000000_S586M</subfield>
    <subfield code="7">0</subfield>
    <subfield code="8">G</subfield>
    <subfield code="9">24251</subfield>
    <subfield code="a">sdin</subfield>
    <subfield code="b">sdin</subfield>
    <subfield code="d">2016-11-28</subfield>
    <subfield code="l">0</subfield>
    <subfield code="o">205 S586m</subfield>
    <subfield code="p">15-0329</subfield>
    <subfield code="r">2016-11-28</subfield>
    <subfield code="w">2016-11-28</subfield>
    <subfield code="y">L</subfield>
  </datafield>
</record>

</collection>
